%YAML 1.1
%TAG !u! tag:unity3d.com,2011:
--- !u!1 &231369430072915824
GameObject:
  m_ObjectHideFlags: 0
  m_CorrespondingSourceObject: {fileID: 0}
  m_PrefabInstance: {fileID: 0}
  m_PrefabAsset: {fileID: 0}
  serializedVersion: 6
  m_Component:
  - component: {fileID: 7330278613125162902}
  - component: {fileID: 794034281420080415}
  - component: {fileID: 7315658861561897096}
  - component: {fileID: 5850771727582860519}
  - component: {fileID: 7074639522703464004}
  - component: {fileID: 2708692967068243738}
  m_Layer: 0
  m_Name: segundoObjeto
  m_TagString: Untagged
  m_Icon: {fileID: 0}
  m_NavMeshLayer: 0
  m_StaticEditorFlags: 0
  m_IsActive: 1
--- !u!4 &7330278613125162902
Transform:
  m_ObjectHideFlags: 0
  m_CorrespondingSourceObject: {fileID: 0}
  m_PrefabInstance: {fileID: 0}
  m_PrefabAsset: {fileID: 0}
  m_GameObject: {fileID: 231369430072915824}
  m_LocalRotation: {x: 0, y: -0.7071068, z: 0, w: 0.7071068}
  m_LocalPosition: {x: 1, y: 0, z: -2}
  m_LocalScale: {x: 1, y: 1, z: 1}
  m_Children: []
  m_Father: {fileID: 0}
  m_RootOrder: 0
  m_LocalEulerAnglesHint: {x: 0, y: -90, z: 0}
--- !u!114 &794034281420080415
MonoBehaviour:
  m_ObjectHideFlags: 0
  m_CorrespondingSourceObject: {fileID: 0}
  m_PrefabInstance: {fileID: 0}
  m_PrefabAsset: {fileID: 0}
  m_GameObject: {fileID: 231369430072915824}
  m_Enabled: 1
  m_EditorHideFlags: 0
  m_Script: {fileID: 11500000, guid: 8233d90336aea43098adf6dbabd606a2, type: 3}
  m_Name: 
  m_EditorClassIdentifier: 
  m_MeshFormatVersion: 1
  m_Faces:
  - m_Indexes: 000000000100000002000000010000000300000002000000
    m_SmoothingGroup: 0
    m_Uv:
      m_UseWorldSpace: 0
      m_FlipU: 0
      m_FlipV: 0
      m_SwapUV: 0
      m_Fill: 1
      m_Scale: {x: 1, y: 1}
      m_Offset: {x: 0, y: 0}
      m_Rotation: 0
      m_Anchor: 9
    m_Material: {fileID: 0}
    m_SubmeshIndex: 0
    m_ManualUV: 0
    elementGroup: -1
    m_TextureGroup: -1
  - m_Indexes: 040000000500000006000000050000000700000006000000
    m_SmoothingGroup: 0
    m_Uv:
      m_UseWorldSpace: 0
      m_FlipU: 0
      m_FlipV: 0
      m_SwapUV: 0
      m_Fill: 1
      m_Scale: {x: 1, y: 1}
      m_Offset: {x: 0, y: 0}
      m_Rotation: 0
      m_Anchor: 9
    m_Material: {fileID: 0}
    m_SubmeshIndex: 0
    m_ManualUV: 0
    elementGroup: -1
    m_TextureGroup: -1
  - m_Indexes: 08000000090000000a000000090000000b0000000a000000
    m_SmoothingGroup: 0
    m_Uv:
      m_UseWorldSpace: 0
      m_FlipU: 0
      m_FlipV: 0
      m_SwapUV: 0
      m_Fill: 1
      m_Scale: {x: 1, y: 1}
      m_Offset: {x: 0, y: 0}
      m_Rotation: 0
      m_Anchor: 9
    m_Material: {fileID: 0}
    m_SubmeshIndex: 0
    m_ManualUV: 0
    elementGroup: -1
    m_TextureGroup: -1
  - m_Indexes: 0c0000000d0000000e0000000d0000000f0000000e000000
    m_SmoothingGroup: 0
    m_Uv:
      m_UseWorldSpace: 0
      m_FlipU: 0
      m_FlipV: 0
      m_SwapUV: 0
      m_Fill: 1
      m_Scale: {x: 1, y: 1}
      m_Offset: {x: 0, y: 0}
      m_Rotation: 0
      m_Anchor: 9
    m_Material: {fileID: 0}
    m_SubmeshIndex: 0
    m_ManualUV: 0
    elementGroup: -1
    m_TextureGroup: -1
  - m_Indexes: 100000001100000012000000110000001300000012000000
    m_SmoothingGroup: 0
    m_Uv:
      m_UseWorldSpace: 0
      m_FlipU: 0
      m_FlipV: 0
      m_SwapUV: 0
      m_Fill: 1
      m_Scale: {x: 1, y: 1}
      m_Offset: {x: 0, y: 0}
      m_Rotation: 0
      m_Anchor: 9
    m_Material: {fileID: 0}
    m_SubmeshIndex: 0
    m_ManualUV: 0
    elementGroup: -1
    m_TextureGroup: -1
  - m_Indexes: 140000001500000016000000150000001700000016000000
    m_SmoothingGroup: 0
    m_Uv:
      m_UseWorldSpace: 0
      m_FlipU: 0
      m_FlipV: 0
      m_SwapUV: 0
      m_Fill: 1
      m_Scale: {x: 1, y: 1}
      m_Offset: {x: 0, y: 0}
      m_Rotation: 0
      m_Anchor: 9
    m_Material: {fileID: 0}
    m_SubmeshIndex: 0
    m_ManualUV: 0
    elementGroup: -1
    m_TextureGroup: -1
  m_SharedVertices:
  - m_Vertices: 000000000d00000016000000
  - m_Vertices: 010000000400000017000000
  - m_Vertices: 020000000f00000010000000
  - m_Vertices: 030000000600000011000000
  - m_Vertices: 050000000800000015000000
  - m_Vertices: 070000000a00000013000000
  - m_Vertices: 090000000c00000014000000
  - m_Vertices: 0b0000000e00000012000000
  m_SharedTextures: []
  m_Positions:
  - {x: 0.0000004768372, y: 0, z: -4.2632564e-14}
  - {x: 1.0000025, y: 0, z: -2.5579538e-13}
  - {x: 0.00000023841858, y: 2, z: -1.4210855e-14}
  - {x: 1.0000014, y: 2, z: -1.2789769e-13}
  - {x: 1.0000025, y: 0, z: -2.5579538e-13}
  - {x: 1, y: 0, z: -3}
  - {x: 1.0000014, y: 2, z: -1.2789769e-13}
  - {x: 1.0000007, y: 0, z: -3.0000014}
  - {x: 1, y: 0, z: -3}
  - {x: 0, y: 0, z: -3}
  - {x: 1.0000007, y: 0, z: -3.0000014}
  - {x: 0.00000023841847, y: 0, z: -3.000002}
  - {x: 0, y: 0, z: -3}
  - {x: 0.0000004768372, y: 0, z: -4.2632564e-14}
  - {x: 0.00000023841847, y: 0, z: -3.000002}
  - {x: 0.00000023841858, y: 2, z: -1.4210855e-14}
  - {x: 0.00000023841858, y: 2, z: -1.4210855e-14}
  - {x: 1.0000014, y: 2, z: -1.2789769e-13}
  - {x: 0.00000023841847, y: 0, z: -3.000002}
  - {x: 1.0000007, y: 0, z: -3.0000014}
  - {x: 0, y: 0, z: -3}
  - {x: 1, y: 0, z: -3}
  - {x: 0.0000004768372, y: 0, z: -4.2632564e-14}
  - {x: 1.0000025, y: 0, z: -2.5579538e-13}
  m_Textures0:
  - {x: -0.0000004768372, y: -6.0584267e-28}
  - {x: -1.0000025, y: -6.0584267e-28}
  - {x: -0.00000023841858, y: 2}
  - {x: -1.0000014, y: 2}
  - {x: 0.00000083446685, y: -0.00000053644317}
  - {x: -2.999999, y: -0.00000053644317}
  - {x: 0.0000008344661, y: 1.9999994}
  - {x: -3.0000005, y: -0.0000005364435}
  - {x: 0, y: 0}
  - {x: 0, y: 0}
  - {x: 0, y: 0}
  - {x: 0, y: 0}
  - {x: 0, y: 0}
  - {x: 0, y: 0}
  - {x: 0, y: 0}
  - {x: 0, y: 0}
  - {x: 0.00000023841872, y: 1.1093999}
  - {x: 1.0000014, y: 1.1093999}
  - {x: 0.00000023841847, y: -2.4961529}
  - {x: 1.0000007, y: -2.4961524}
  - {x: 0, y: -3}
  - {x: -1, y: -3}
  - {x: -0.0000004768372, y: -4.2632564e-14}
  - {x: -1.0000025, y: -2.5579538e-13}
  m_Textures2: []
  m_Textures3: []
  m_Tangents:
  - {x: -1, y: 0, z: 2.1316239e-13, w: -1}
  - {x: -1, y: 0, z: 1.6342454e-13, w: -1}
  - {x: -1, y: 0, z: 1.6342454e-13, w: -1}
  - {x: -1, y: 0, z: 1.136867e-13, w: -1}
  - {x: 0.000000834465, y: 0, z: 1, w: -1}
  - {x: 0.00000083446525, y: 0.000000014901392, z: 1, w: -1}
  - {x: 0.00000083446525, y: 0.000000014901392, z: 1, w: -1}
  - {x: 0, y: -0.00000023841866, z: 1, w: -1}
  - {x: NaN, y: NaN, z: NaN, w: 1}
  - {x: NaN, y: NaN, z: NaN, w: 1}
  - {x: NaN, y: NaN, z: NaN, w: 1}
  - {x: NaN, y: NaN, z: NaN, w: 1}
  - {x: NaN, y: NaN, z: NaN, w: 1}
  - {x: NaN, y: NaN, z: NaN, w: 1}
  - {x: NaN, y: NaN, z: NaN, w: 1}
  - {x: NaN, y: NaN, z: NaN, w: 1}
  - {x: 1, y: 0, z: -1.136867e-13, w: -1}
  - {x: 1, y: -0.00000013225075, z: 0.000000040042213, w: -1}
  - {x: 1, y: -0.00000013225075, z: 0.000000040042213, w: -1}
  - {x: 1, y: -0.00000026450147, z: 0.00000008008454, w: -1}
  - {x: -1, y: 0, z: 0, w: -1}
  - {x: -1, y: 0, z: 0, w: -1}
  - {x: -1, y: 0, z: 0, w: -1}
  - {x: -1, y: 0, z: 0, w: -1}
  m_Colors: []
  m_UnwrapParameters:
    m_HardAngle: 88
    m_PackMargin: 20
    m_AngleError: 8
    m_AreaError: 15
  m_PreserveMeshAssetOnDestroy: 0
  assetGuid: 
  m_Mesh: {fileID: 0}
  m_IsSelectable: 1
  m_SelectedFaces: 
  m_SelectedEdges: []
  m_SelectedVertices: 0b000000
--- !u!23 &7315658861561897096
MeshRenderer:
  m_ObjectHideFlags: 0
  m_CorrespondingSourceObject: {fileID: 0}
  m_PrefabInstance: {fileID: 0}
  m_PrefabAsset: {fileID: 0}
  m_GameObject: {fileID: 231369430072915824}
  m_Enabled: 1
  m_CastShadows: 1
  m_ReceiveShadows: 1
  m_DynamicOccludee: 1
  m_MotionVectors: 1
  m_LightProbeUsage: 1
  m_ReflectionProbeUsage: 1
  m_RayTracingMode: 2
  m_RenderingLayerMask: 1
  m_RendererPriority: 0
  m_Materials:
  - {fileID: 2100000, guid: 8fe2e15be84a43e40a1c06fba3e58ded, type: 2}
  m_StaticBatchInfo:
    firstSubMesh: 0
    subMeshCount: 0
  m_StaticBatchRoot: {fileID: 0}
  m_ProbeAnchor: {fileID: 0}
  m_LightProbeVolumeOverride: {fileID: 0}
  m_ScaleInLightmap: 1
  m_ReceiveGI: 1
  m_PreserveUVs: 0
  m_IgnoreNormalsForChartDetection: 0
  m_ImportantGI: 0
  m_StitchLightmapSeams: 1
  m_SelectedEditorRenderState: 2
  m_MinimumChartSize: 4
  m_AutoUVMaxDistance: 0.5
  m_AutoUVMaxAngle: 89
  m_LightmapParameters: {fileID: 0}
  m_SortingLayerID: 0
  m_SortingLayer: 0
  m_SortingOrder: 0
--- !u!33 &5850771727582860519
MeshFilter:
  m_ObjectHideFlags: 0
  m_CorrespondingSourceObject: {fileID: 0}
  m_PrefabInstance: {fileID: 0}
  m_PrefabAsset: {fileID: 0}
  m_GameObject: {fileID: 231369430072915824}
  m_Mesh: {fileID: 0}
--- !u!64 &7074639522703464004
MeshCollider:
  m_ObjectHideFlags: 0
  m_CorrespondingSourceObject: {fileID: 0}
  m_PrefabInstance: {fileID: 0}
  m_PrefabAsset: {fileID: 0}
  m_GameObject: {fileID: 231369430072915824}
  m_Material: {fileID: 0}
  m_IsTrigger: 0
  m_Enabled: 1
  serializedVersion: 4
  m_Convex: 0
  m_CookingOptions: 30
  m_Mesh: {fileID: 0}
--- !u!114 &2708692967068243738
MonoBehaviour:
  m_ObjectHideFlags: 0
  m_CorrespondingSourceObject: {fileID: 0}
  m_PrefabInstance: {fileID: 0}
  m_PrefabAsset: {fileID: 0}
  m_GameObject: {fileID: 231369430072915824}
  m_Enabled: 1
  m_EditorHideFlags: 0
  m_Script: {fileID: 11500000, guid: 88ee9a0b6cf995042a9061510fafa291, type: 3}
  m_Name: 
  m_EditorClassIdentifier: 
